@Manual{r,
    title = {R: A Language and Environment for Statistical Computing},
    author = {{R Core Team}},
    organization = {R Foundation for Statistical Computing},
    address = {Vienna, Austria},
    year = {2022},
    url = {https://www.R-project.org/},
  }
  
@article{zhang2016simplexreg,
  title={simplexreg: An R package for regression analysis of proportional data using the simplex distribution},
  author={Zhang, Peng and Qiu, Zhenguo and Shi, Chengchun},
  journal={Journal of Statistical Software},
  volume={71},
  number={11},
  year={2016}
}


@article{barndorff1991some,
  title={Some parametric models on the simplex},
  author={Barndorff-Nielsen, Ole E and J{\o}rgensen, Bent},
  journal={Journal of multivariate analysis},
  volume={39},
  number={1},
  pages={106--116},
  year={1991},
  publisher={Elsevier}
}
